@inproceedings{elderman2017adversarial,
  title={Adversarial Reinforcement Learning in a Cyber Security Simulation.},
  author={Elderman, Richard and Pater, Leon JJ and Thie, Albert S and Drugan, Madalina M and Wiering, Marco},
  booktitle={ICAART (2)},
  pages={559--566},
  year={2017}
}
@article{abadi2016learning,
  title={Learning to protect communications with adversarial neural cryptography},
  author={Abadi, Mart{\'\i}n and Andersen, David G},
  journal={arXiv preprint arXiv:1610.06918},
  year={2016}
}
@inproceedings{shiva2010game,
  title={Game theory for cyber security},
  author={Shiva, Sajjan and Roy, Sankardas and Dasgupta, Dipankar},
  booktitle={Proceedings of the Sixth Annual Workshop on Cyber Security and Information Intelligence Research},
  pages={34},
  year={2010},
  organization={ACM}
}
@article{finn2016connection,
  title={A connection between generative adversarial networks, inverse reinforcement learning, and energy-based models},
  author={Finn, Chelsea and Christiano, Paul and Abbeel, Pieter and Levine, Sergey},
  journal={arXiv preprint arXiv:1611.03852},
  year={2016}
}
@article{pfau2016connecting,
  title={Connecting generative adversarial networks and actor-critic methods},
  author={Pfau, David and Vinyals, Oriol},
  journal={arXiv preprint arXiv:1610.01945},
  year={2016}
}
@article{pinto2017robust,
  title={Robust Adversarial Reinforcement Learning},
  author={Pinto, Lerrel and Davidson, James and Sukthankar, Rahul and Gupta, Abhinav},
  journal={arXiv preprint arXiv:1703.02702},
  year={2017}
}
@article{lin2014multi,
  title={Multi-agent inverse reinforcement learning for zero-sum games},
  author={Lin, Xiaomin and Beling, Peter A and Cogill, Randy},
  journal={arXiv preprint arXiv:1403.6508},
  year={2014}
}
@inproceedings{elderman2017adversarial,
  title={Adversarial Reinforcement Learning in a Cyber Security Simulation.},
  author={Elderman, Richard and Pater, Leon JJ and Thie, Albert S and Drugan, Madalina M and Wiering, Marco},
  booktitle={ICAART (2)},
  pages={559--566},
  year={2017}
}
@misc{sutton2016reinforcement,
  title={Reinforcement learning: an introduction.[Internet]},
  author={Sutton, RS and Barto, AG},
  year={2016},
  publisher={Cambridge}
}
